<?xml version="1.0" encoding="UTF-8"?><collection xmlns="http://www.loc.gov/MARC21/slim"><record><leader>00406nam--2200145-i-4500</leader><controlfield tag="001">000016885</controlfield><controlfield tag="002">20161230</controlfield><controlfield tag="005">20170207232249</controlfield><controlfield tag="008">060222s1000------------r-----000-0-eng-d</controlfield><datafield ind1=" " ind2=" " tag="100"><subfield code="a">Dahlke, Stephan</subfield></datafield><datafield ind1=" " ind2=" " tag="245"><subfield code="a">Invariante mannigfaltigkeiten fur produkte zufalliger differmorphismen</subfield><subfield code="b">dissert</subfield></datafield><datafield ind1=" " ind2=" " tag="260"><subfield code="a">Bremen</subfield><subfield code="b">Universitat</subfield><subfield code="c">1989</subfield></datafield><datafield ind1=" " ind2=" " tag="300"><subfield code="a">105 p</subfield></datafield><datafield ind1=" " ind2=" " tag="852"><subfield code="a">51:53(043)</subfield></datafield><datafield ind1=" " ind2=" " tag="CAT"><subfield code="a">SYS</subfield><subfield code="c">20170207</subfield><subfield code="h">232249</subfield></datafield></record></collection>